<record><leader>00000cas a22000007a 4500</leader><controlfield tag="001">12781066</controlfield><controlfield tag="008">851111d18931912wiuwr ne      0    0eng d</controlfield><datafield ind1=" " ind2=" " tag="010"><subfield code="a">sn 85041367 </subfield></datafield><datafield ind1=" " ind2=" " tag="040"><subfield code="a">NPV</subfield><subfield code="b">eng</subfield><subfield code="c">NPV</subfield><subfield code="d">OCLCQ</subfield></datafield><datafield ind1=" " ind2=" " tag="042"><subfield code="a">msc</subfield></datafield><datafield ind1=" " ind2=" " tag="045"><subfield code="a">w9x1</subfield></datafield><datafield ind1=" " ind2=" " tag="052"><subfield code="a">4123</subfield><subfield code="b">O5</subfield></datafield><datafield ind1="0" ind2="0" tag="245"><subfield code="a">Rhinelander herald.</subfield></datafield><datafield ind1=" " ind2=" " tag="260"><subfield code="a">Rhinelander, Wis. :</subfield><subfield code="b">Herald Pub.,</subfield><subfield code="c">1893-1912.</subfield></datafield><datafield ind1=" " ind2=" " tag="300"><subfield code="a">19 v. :</subfield><subfield code="b">ill.</subfield></datafield><datafield ind1=" " ind2=" " tag="310"><subfield code="a">Weekly</subfield></datafield><datafield ind1="0" ind2=" " tag="362"><subfield code="a">Ninth year, no. 16 (Aug. 12, 1893)-v. 27, no. 9 (June 29, 1912).</subfield></datafield><datafield ind1=" " ind2=" " tag="500"><subfield code="a">Editors: A.W. Shelton, Aug. 12, 1893-Oct. 31, 1908; C.F. Barnes, May 11-June 29, 1912.</subfield></datafield><datafield ind1=" " ind2=" " tag="525"><subfield code="a">Supplements accompany some issues.</subfield></datafield><datafield ind1=" " ind2=" " tag="530"><subfield code="a">Available on microfilm from The State Historical Society of Wisconsin.</subfield></datafield><datafield ind1=" " ind2=" " tag="752"><subfield code="a">United States</subfield><subfield code="b">Wisconsin</subfield><subfield code="c">Oneida</subfield><subfield code="d">Rhinelander.</subfield></datafield><datafield ind1="0" ind2="0" tag="780"><subfield code="t">Oneida County herald</subfield><subfield code="w">(DLC)sn 85041366</subfield></datafield><datafield ind1="1" ind2=" " tag="029"><subfield code="a">AU@</subfield><subfield code="b">000025293035</subfield></datafield></record>